<record><leader>00000cas a22000007a 4500</leader><controlfield tag="001">29741195</controlfield><controlfield tag="008">940203d187518uumduwr ne      0    0eng d</controlfield><controlfield tag="009">9107</controlfield><datafield ind1=" " ind2=" " tag="010"><subfield code="a">sn 93058841 </subfield></datafield><datafield ind1=" " ind2=" " tag="040"><subfield code="a">MGN</subfield><subfield code="b">eng</subfield><subfield code="c">MGN</subfield><subfield code="d">DLC</subfield></datafield><datafield ind1=" " ind2=" " tag="042"><subfield code="a">msc</subfield></datafield><datafield ind1="0" ind2=" " tag="130"><subfield code="a">Sunday herald (Baltimore, Md.)</subfield></datafield><datafield ind1="0" ind2="4" tag="245"><subfield code="a">The Sunday herald.</subfield></datafield><datafield ind1=" " ind2=" " tag="260"><subfield code="a">Baltimore [Md. :</subfield><subfield code="b">s.n.],</subfield></datafield><datafield ind1=" " ind2=" " tag="300"><subfield code="a">v.</subfield></datafield><datafield ind1=" " ind2=" " tag="310"><subfield code="a">Weekly</subfield></datafield><datafield ind1="0" ind2=" " tag="362"><subfield code="a">Vol. 1. no. 1 (Sept. 19, 1875)-</subfield></datafield><datafield ind1=" " ind2=" " tag="752"><subfield code="a">United States</subfield><subfield code="b">Maryland</subfield><subfield code="d">Baltimore.</subfield></datafield><datafield ind1="0" ind2="0" tag="780"><subfield code="t">Baltimore Saturday night</subfield><subfield code="w">(DLC)sn 83016467</subfield></datafield></record>